@article{BarreraRebellon2008AnalisisPereira,
    title = {{An{\'{a}}lisis de supervivencia aplicado al problema de la deserci{\'{o}}n estudiantil en la Universidad Tecnol{\'{o}}gica de Pereira}},
    year = {2008},
    author = {Barrera Rebell{\'{o}}n, Mauricio and Estad{\'{i}}stica, Magíster en Investigación Operativa y},
    publisher = {Pereira : Universidad Tecnol{\'{o}}gica de Pereira},
    url = {http://hdl.handle.net/11059/2043},
    keywords = {Colombia, Deserci{\'{o}}n estudiantil, Deserci{\'{o}}n universitaria, Educaci{\'{o}}n superior, Universidad Tecnol{\'{o}}gica de Pereira}
}

@article{Chapman1982AttritionAnalysis,
    title = {{Attrition from Teaching Careers: A Discriminant Analysis}},
    year = {1982},
    journal = {American Educational Research Journal},
    author = {Chapman, David W and Hutcheson, Sigrid M},
    number = {1},
    month = {1},
    pages = {93--105},
    volume = {19},
    publisher = {American Educational Research Association (AERA)},
    url = {http://journals.sagepub.com/doi/10.3102/00028312019001093},
    doi = {10.3102/00028312019001093},
    issn = {0002-8312}
}

@inproceedings{Adnan2013DataReview,
    title = {{Data Mining for Medical Systems: A Review}},
    year = {2013},
    author = {Adnan, Muhamad Hariz Muhamad and Husain, Wahidah and Rashid, Nur'aini Abdul},
    month = {5},
    publisher = {Research Publishing Services},
    doi = {10.3850/978-981-07-3161-8{\_}acit-170}
}

@article{Kirkos2007DataStatements,
    title = {{Data Mining techniques for the detection of fraudulent financial statements}},
    year = {2007},
    journal = {Expert Systems with Applications},
    author = {Kirkos, Efstathios and Spathis, Charalambos and Manolopoulos, Yannis},
    number = {4},
    month = {5},
    pages = {995--1003},
    volume = {32},
    publisher = {Pergamon},
    doi = {10.1016/j.eswa.2006.02.016},
    issn = {09574174},
    keywords = {Auditing, Data Mining, Fraudulent financial statements, Greece, Management fraud}
}

@techreport{Kuna2009IdentificacionUniversitarios,
    title = {{Identificaci{\'{o}}n de causales de abandono de estudios universitarios}},
    year = {2009},
    author = {Kuna, Horacio and Garc{\'{i}}a Mart{\'{i}}nez, Ramón and Villatoro, Francisco R},
    keywords = {Ciencias Inform{\'{a}}ticas, Computer Uses in Education, Computer science education, Educaci{\'{o}}n, Learning, algoritmos TDIDT, deserci{\'{o}}n, identificaci{\'{o}}n de causas de deserci{\'{o}}n}
}

@techreport{SociedadModeloSuperior,
    title = {{Modelo te{\'{o}}rico para la determinaci{\'{o}}n del rendimiento acad{\'{e}}mico general del alumno en la educaci{\'{o}}n superior}},
    author = {Sociedad, Educación and CIENT{\'{I}}FICAS Secci{\'{o}}n, Producciones and Sociedad, Educación and Jos{\'{e}} Sequi, Emilio and Ram{\'{o}}n, Juan},
    institution = {Congreso Regional de Ciencia y Tecnolog{\'{i}}a NOA 2002., Universidad Nacional de Catamarca}
}

@misc{PredictiveReview,
    title = {{Predictive models in churn data mining: a review}},
    url = {https://upcommons.upc.edu/handle/2117/86182}
}

@misc{CONEAU2010PropuestaSINEACE,
    title = {{Propuesta del glosario de t{\'{e}}rminos b{\'{a}}sicos de evaluaci{\'{o}}n, acreditaci{\'{o}}n y certificaci{\'{o}}n del SINEACE}},
    year = {2010},
    author = {{CONEAU}},
    url = {https://www.unife.edu.pe/oficina-evaluacion/SINEACE_vocabulario.pdf}
}

@misc{L.GonzalezFeigehen2006RepitenciaLatina,
    title = {{Repitencia y deserci{\'{o}}n universitaria en Am{\'{e}}rica Latina}},
    year = {2006},
    booktitle = {UNESCO, Caracas},
    author = {{L. Gonz{\'{a}}lez Feigehen}},
    pages = {156},
    url = {https://www.researchgate.net/publication/297294406_Repitencia_y_desercion_universitaria_en_America_Latina_pg156_2007-03}
}

@article{Gonzalez2005RepitenciaLatina,
    title = {{Repitencia y deserci{\'{o}}n universitaria en Am{\'{e}}rica Latina}},
    year = {2005},
    journal = {Informe sobre la educaci{\'{o}}n superior en Am{\'{e}}rica Latina y el Caribe 2000-2005},
    author = {Gonz{\'{a}}lez, Luis Eduardo},
    pages = {156--168},
    volume = {2005},
    isbn = {-980-6556-19-4}
}

@techreport{Sweeney2000SimpleUniquely,
    title = {{Simple Demographics Often Identify People Uniquely}},
    year = {2000},
    author = {Sweeney, Latanya},
    publisher = {Sweeney}
}

@techreport{2010SISTEMASINEACE,
    title = {{SISTEMA NACIONAL DE EVALUACI{\'{O}}N, ACREDITACI{\'{O}}N Y CERTIFICACI{\'{O}}N DE LA CALIDAD EDUCATIVA-SINEACE PROPUESTA DEL GLOSARIO DE T{\'{E}}RMINOS BASICOS DE EVALUACI{\'{O}}N, ACREDITACI{\'{O}}N, Y CERTIFICACI{\'{O}}N DEL SINEACE}},
    year = {2010},
    keywords = {()}
}

@techreport{ErnestoUNAOUT,
    title = {{UNA APROXIMACI{\'{O}}N TE{\'{O}}RICA A LA DESERCI{\'{O}}N ESTUDIANTIL UNIVERSITARIA A THEORETICAL APPROACH TO THE COLLEGE STUDENT DROP OUT}},
    booktitle = {revistas.upc.edu.pe},
    author = {Ernesto, Héctor and Tudela, Viale},
    url = {http://revistas.upc.edu.pe/index.php/docencia/article/view/366},
    keywords = {Palabras clave: deserci{\'{o}}n, deserci{\'{o}}n estudiantil, permanencia, retenci{\'{o}}n Keywords: desertion, student dropout, student retention}
}



@misc{PredictModel-GarciaVellidoNebot,
	author = {D. L. García, A. Vellido y À. Nebot},
	booktitle = {UPCommons, Portal de acceso abierto al conocimiento Universidad
	politècnica de Catalunya},
	title = {Predictive Models in Churn Data Mining - A
	Review},
	url = {https://upcommons.upc.edu/handle/2117/86182},
	month = {01},
	year = {2007}
}

